001  0000045
005  20170311144132.108
008  170311s||||     bl|||||||||||||||||por|u
020    $a 9788563130204
040    $aPorto Alegre$bpor
090    $a34$bF224t
100 1  $aFarias, Vilson
245 10 $aTemas de Direito Público e Direito Privado II$cVilson Farias
260    $aPelotas$bEditora Livraria Mundial$c2013
300    $a398 p.
650    $aDireito
650    $aLei direitos Autorais
650    $aAção Popular
650    $aReligião
650    $agreve
650    $ahabeas data
650    $aDireito Privado
650    $aDireito Público
